@inproceedings{Kocsis:2006,
 author = {Kocsis, Levente and Szepesvari, Csaba},
 title = {Bandit Based Monte-carlo Planning},
 booktitle = {Proceedings of the 17th European Conference on Machine Learning},
 series = {ECML'06},
 year = {2006},
 isbn = {3-540-45375-X, 978-3-540-45375-8},
 location = {Berlin, Germany},
 pages = {282--293},
 numpages = {12},
 url = {http://dx.doi.org/10.1007/11871842_29},
 doi = {10.1007/11871842_29},
 acmid = {2091633},
 publisher = {Springer-Verlag},
 address = {Berlin, Heidelberg},
}

@article{deepmind,
title = {Mastering the game of Go with deep neural networks and tree search},
author  = {David Silver and Aja Huang and Christopher J. Maddison and Arthur Guez and Laurent Sifre and George van den Driessche and Julian Schrittwieser and Ioannis Antonoglou and Veda Panneershelvam and Marc Lanctot and Sander Dieleman and Dominik Grewe and John Nham and Nal Kalchbrenner and Ilya Sutskever and Timothy Lillicrap and Madeleine Leach and Koray Kavukcuoglu and Thore Graepel and Demis Hassabis},
year  = 2016,
URL = {http://www.nature.com/nature/journal/v529/n7587/full/nature16961.html},
journal = {Nature},
pages = {484--503},
volume  = {529}
}


